@INPROCEEDINGS{
	ei-sawsdl,
	author={Elyacoubi, N.E. and Belouadha, F.-Z. and Roudies, O.},
	booktitle={Computer Systems and Applications, 2009. AICCSA 2009. IEEE/ACS International Conference on},
	title={A metamodel of WSDL Web services using SAWSDL semantic annotations},
	year={2009},
	month={Mai},
	volume={},
	number={},
	pages={653-659},
	keywords={WSDL Web services technology;Web service description language;XML;metamodel;semantic Web services;semantic annotations;Web 	services;XML;semantic Web;},
	doi={10.1109/AICCSA.2009.5069397},
	ISSN={},
}

@ARTICLE{
	hn-web20,
	author={Howerton, J.T.},
	journal={IT Professional},
	title={Service-Oriented Architecture and Web 2.0},
	year={2007},
	month={Mai-Juni},
	volume={9},
	number={3},
	pages={62-64},
	keywords={Web 2.0;service-oriented architecture;software efficiency;Internet;software architecture;software development management;},
	doi={10.1109/MITP.2007.54},
	ISSN={1520-9202},
}

@INPROCEEDINGS{
	ka-cots,
	author={Kotonya, G. and Hutchinson, J.},
	booktitle={Commercial-off-the-Shelf (COTS)-Based Software Systems, 2007. ICCBSS '07. Sixth International IEEE Conference on},
	title={A Service-Oriented Approach for Specifying Component-Based Systems},
	year={2007},
	month={März},
	volume={},
	number={},
	pages={150-162},
	keywords={component-based software systems;component-based systems specification;requirements elicitation;requirements engineering;requirements modelling;service-oriented approach;software components;formal specification;object-oriented programming;},
	doi={10.1109/ICCBSS.2007.4},
	ISSN={},
}

@ARTICLE{pl-depintra, 
	author={Patel, A.}, 
	journal={Potentials, IEEE}, 
	title={Departmental intranets}, 
	year={1999}, 
	month={April, Mai}, 
	volume={18}, 
	number={2}, 
	pages={29-32}, 
	keywords={Web infrastructure; World Wide Web; capital expenses; data archiving; departmental intranets; employee needs; freeware-based Web server; information exchange; large corporation intranet; local data cache; low-cost intranet; man-hours; privacy; retrieval; urgency; work project; business communication; computer network management; information resources; intranets; search engines;}, 
	doi={10.1109/45.755850}, 
	ISSN={0278-6648},
}

@incollection {mkulss,
   author = {Masak, Dieter},
   title = {Ultra Large Scale Systems},
   booktitle = {SOA?},
   series = {Xpert.press},
   publisher = {Springer Berlin Heidelberg},
   isbn = {978-3-540-71872-7},
   keyword = {Computer Science},
   pages = {297-304},
   url = {http://dx.doi.org/10.1007/978-3-540-71872-7_10},
   year = {2007}
}

@incollection {mkdigioe,
   author = {Masak, Dieter},
   title = {{Grundlagen der Serviceorientierung}},
   booktitle = {{Digitale Ökosysteme: Serviceorientierung bei dynamisch vernetzten Unternehmen}},
   series = {Xpert.press},
   publisher = {Springer Berlin Heidelberg},
   isbn = {978-3-540-79129-4},
   doi = {10.1007/978-3-540-79130-0},
   keyword = {Computer Science},
   pages = {11-112},
   year = {2009}
}

@ARTICLE{xmlspek1, 
	author={Dostal, W. and Jeckle, M.}, 
	journal={JavaSPEKTRUM}, 
	title={Semantik, Odem einer Service-orientierten Architektur}, 
	year={2004}, 
	volume={04}, 
	number={1}, 
	pages={53-56}, 
}

@ARTICLE{xmlspek2, 
	author={Dostal, W. and Jeckle, M. and Kriechbaum, W.}, 
	journal={JavaSPEKTRUM}, 
	title={Semantik und Webservices: Beschreibung von Semantik}, 
	year={2004}, 
	volume={04}, 
	number={2}, 
	pages={45-49}, 
}

@ARTICLE{xmlspek3, 
	author={Dostal, W. and Jeckle, M. and Kriechbaum, W.}, 
	journal={JavaSPEKTRUM}, 
	title={Semantik und Webservices: Vokabulare und Ontologien}, 
	year={2004}, 
	volume={04}, 
	number={3}, 
	pages={51-54}, 
}

@ARTICLE{xmlspek4, 
	author={Dostal, W. and Jeckle, M.}, 
	journal={JavaSPEKTRUM}, 
	title={Semantik und Webservices}, 
	year={2004}, 
	volume={04}, 
	number={4}, 
	pages={58-62}, 
}

@InBook{dcswe,
	author = {Devedžić, Vladan},
	title = {Semantic Web and Education},
	chapter = {Introduction to the Semantic Web},
	publisher = {Springer},
	year = {2006},
	series = {Springer’s Integrated Series in Information Systems},
	pages = {29-69},
}

@ARTICLE{oil,
	author={Fensel, D. and van Harmelen, F. and Horrocks, I. and McGuinness, D.L. and Patel-Schneider, P.F.},
	journal={Intelligent Systems, IEEE},
	title={OIL: an ontology infrastructure for the Semantic Web},
	year={2001},
	month={März-April},
	volume={16},
	number={2},
	pages={38-45},
	keywords={ Internet; OIL infrastructure; Semantic Web; World Wide Web; artificial intelligence; information exchange; knowledge sharing; ontology infrastructure; standard; Internet; artificial intelligence; information resources; knowledge engineering;},
	doi={10.1109/5254.920598},
	ISSN={1541-1672},
}

@TechReport{w3c-rdf,
    author = {Manola, Frank and Miller, Eric},
    title = {RDF Primer},
    institution = {W3C},
    year = {2004},
    month = {Februar},
    URL = {http://www.w3.org/TR/rdf-primer/}
}

@TechReport{w3c-rdfs,
    author = {Brickley, Dan and Guha, R.V.},
    title = {RDF Vocabulary Description Language 1.0: RDF Schema},
    institution = {W3C},
    year = {2004},
    month = {Februar},
    URL = {http://www.w3.org/TR/rdf-schema/}
}

@TechReport{w3c-owl2primer,
    author = {Hitzler, Pascal and Krötzsch, Markus and Parsia, Bijan and Patel-Schneider and Rudolph, Sebastian},
    title = {OWL 2 Web Ontology Language 
Primer},
    institution = {W3C},
    year = {2009},
    month = {Oktober},
    URL = {http://www.w3.org/TR/owl2-primer/}
}

@INPROCEEDINGS{flexbrok, 
	author={Bleul, S. and Zapf, M. and Geihs, K.}, 
	booktitle={Integrated Network Management, 2007. IM '07. 10th IFIP/IEEE International Symposium on}, 
	title={Flexible Automatic Service Brokering for SOAs}, 
	year={2007}, 
	month={Mai}, 
	volume={}, 
	number={}, 
	pages={410-419}, 
	keywords={OWL-S ontology;SOA;Web services;fault tolerance;flexible automatic service brokering;functional criteria;semantic matching algorithm;semantic service discovery;service management;service-oriented architectures;Web services;software architecture;software fault tolerance;software management;}, 
	doi={10.1109/INM.2007.374806}, 
	ISSN={},
}

@article {vr-sesa,
   author = {Vitvar, Tomas and Mocan, Adrian and Kerrigan, Mick and Zaremba, Michal and Zaremba, Maciej and Moran, Matthew and Cimpian, Emilia and Haselwanter, Thomas and Fensel, Dieter},
   affiliation = {National University of Ireland Digital Enterprise Research Institute Galway Ireland Galway Ireland},
   title = {Semantically-enabled service oriented architecture : concepts, technology and application},
   journal = {Service Oriented Computing and Applications},
   publisher = {Springer London},
   issn = {1863-2386},
   keyword = {Computer Science},
   pages = {129-154},
   volume = {1},
   issue = {2},
   url = {http://dx.doi.org/10.1007/s11761-007-0009-9},
   note = {10.1007/s11761-007-0009-9},
   year = {2007}
}

% Noch nicht überarbeitet

@INPROCEEDINGS{Motta06nextgeneration,
    author = {Enrico Motta and Marta Sabou},
    title = {Next Generation Semantic Web Applications},
    booktitle = {In Proc. of the 1st Asian Semantic Web Conference (ASWC},
    year = {2006},
    pages = {24--29},
    publisher = {Springer}
}

@TechReport{ngswa,
author = {Enrico Motta and Marta Sabou},
title = {Next Generation Semantic Web Applications},
institution = {The Open University, UK},
year = {2006},
}


@TechReport{addo,
author = {Kurt Geihs und Steffen Bleul},
title = {Zwischenbericht DFG-Projekt Automatische Dienstvermittlung in dienstorientierten Architekturen},
institution = {Verteilte Systeme, Universität Kassel},
year = {2007},
}



@INPROCEEDINGS{WSMO,
author={Shafiq, O. and Zaremba, M. and Fensel, D.},
booktitle={Web Services, 2007. ICWS 2007. IEEE International Conference on},
title={On communication and coordination issues of Semantic Web Services},
year={2007},
month={july},
volume={},
number={},
pages={553 -560},
keywords={WSMO;WSMX;Web services execution environment;communication problems;extended space-based computing;internal communication;semantic Web services;triple space computing;Web services;semantic Web;},
doi={10.1109/ICWS.2007.131},
ISSN={},}


@INPROCEEDINGS{WSMOLITE, 
 author={Vitvar, Tomas and Kopecky, Jacek and Zaremba, Maciej and Fensel, Dieter}, 
 booktitle={Web Services, 2007. ECOWS '07. Fifth European Conference on}, 
 title={WSMO-Lite: lightweight semantic descriptions for services on the web}, 
 year={2007}, 
 month={nov.}, 
 volume={}, 
 number={}, 
 pages={77 -86}, 
 keywords={}, 
 doi={10.1109/ECOWS.2007.30}, 
 ISSN={},}


@INPROCEEDINGS{SOA4ALL, 
 author={Domingue, J. and Fensel, D. and GonzAlez-Cabero, R.}, 
 booktitle={Semantic Computing, 2008 IEEE International Conference on}, 
 title={SOA4All, Enabling the SOA Revolution on a World Wide Scale}, 
 year={2008}, 
 month={aug.}, 
 volume={}, 
 number={}, 
 pages={530 -537}, 
 keywords={SOA revolution;SOA4All;Web 2.0;Web principles;Web technology;complimentary paradigm-shifting technical;context management;independent service delivery platform;semantic Web technology;structure human-machine cooperation;Web services;software architecture;user interfaces;}, 
 doi={10.1109/ICSC.2008.45}, 
 ISSN={},}

@ARTICLE{semsoa,
author={Stollberg, Michael and Wahler, Alexander and Fensel, Dieter},
journal={Information Management \& Consulting, IM},
title={Semantic SOA – Automatisierung und Interoperabilität in Service-Orientierten Architekturen},
year={2008},
volume={23},
number={2},
}

@INPROCEEDINGS{ontologies,
author={Mencke, S. and Vornholt, S. and Dumke, R.},
booktitle={Database and Expert Systems Application, 2008. DEXA '08. 19th International Workshop on},
title={The Role of Ontologies in Virtual Engineering},
year={2008},
month={sept.},
volume={},
number={},
pages={95 -99},
keywords={computer-based concurrent engineering;domain-independent component structure;formal ontologies;heterogeneous libraries;information exchange ontologies;information transfer;product development;product libraries;semantic Web;virtual engineering;CAD;concurrent engineering;ontologies (artificial intelligence);product development;semantic Web;virtual prototyping;},
doi={10.1109/DEXA.2008.97},
ISSN={1529-4188},}


@INPROCEEDINGS{baresitalk2007,
author={Baresi, L.},
booktitle={Web Site Evolution, 2007. WSE 2007. 9th IEEE International Workshop on},
title={Web Services and Web 2.0: Married or Fiancés?},
year={2007},
month={oct.},
volume={},
number={},
pages={1},
keywords={Web 2.0;Web service;Web services;},
doi={10.1109/WSE.2007.4380236},
ISSN={},}


@ARTICLE{shi1,
author={Xuan Shi},
journal={IT Professional},
title={Sharing service semantics using SOAP-based and REST Web services},
year={2006},
month={march-april },
volume={8},
number={2},
pages={18 -24},
keywords={Internet Protocol;REST Web services;SOAP-based Web services;Semantic Web;semantic service description framework;XML;object-oriented programming;semantic Web;transport protocols;},
doi={10.1109/MITP.2006.48},
ISSN={1520-9202},}


@ARTICLE{ky-sawsdl,
author={Kopecky, J. and Vitvar, T. and Bournez, C. and Farrell, J.},
journal={Internet Computing, IEEE},
title={SAWSDL: Semantic Annotations for WSDL and XML Schema},
year={2007},
month={nov.-dec. },
volume={11},
number={6},
pages={60 -67},
keywords={Web service description language 2.0;World Wide Web consortium;XML schema;distributed application;interoperability;semantic annotation;service reuse;service-oriented architecture;Web services;XML;open systems;semantic Web;software architecture;},
doi={10.1109/MIC.2007.134},
ISSN={1089-7801},}




@TechReport{w3c-sawsdl,
author = {H. Lausen and J. Farrell},
title = {Semantic Annotations for WSDL and XML Schema. Recommendation W3C, 2007.},
institution = {W3C},
year = {2007},
URL = {http://www.w3.org/TR/sawsdl/}
}

@INPROCEEDINGS{zg-ontorest,
author={Wei Zhang and Lihong Jiang and Hongming Cai},
booktitle={Service Oriented System Engineering (SOSE), 2010 Fifth IEEE International Symposium on},
title={An Ontology-Based Resource-Oriented Information Supported Framework towards RESTful Service Generation and Invocation},
year={2010},
month={june},
volume={},
number={},
pages={107 -112},
keywords={RESTful Web service;RESTful service execution;SOAP based service;enterprise information application;enterprise legacy database;heterogeneous data integration;interfaces access pattern;ontology based resource oriented information supported framework;Web services;business communication;data integrity;distributed databases;feature extraction;ontologies (artificial intelligence);},
doi={10.1109/SOSE.2010.59},
ISSN={},}


@INPROCEEDINGS{lr-saps,
author={Lanthaler, M. and Gutl, C.},
booktitle={Applications and the Internet (SAINT), 2011 IEEE/IPSJ 11th International Symposium on},
title={SAPS: Semantic AtomPub-Based Services},
year={2011},
month={july},
volume={},
number={},
pages={382 -387},
keywords={SAPS;SOAP;UDDI;WSDL;Web service;semantic AtomPub-based service;semantic RESTful service;service oriented architecture;uniform service landscape;Web services;service-oriented architecture;},
doi={10.1109/SAINT.2011.73},
ISSN={},}


@MastersThesis{hhxmlwssoa,
	author = {Mathias Habich},
	title = {{Anwendungsbeispiele einer XML Web Service basierten Service-orientierten Architektur}},
	school = {Fachhochschule Furtwangen},
	year = {2005},
	type = {Bachelorthesis}
}

@MastersThesis{sgthesis,
	author = {Holger Sistig},
	title = {Chancen und Auswirkungen des semantischen Webs},
	school = {Rheinische Fachhochschule Köln},
	year = {2008},
	type = {Diplomarbeit}
}

@MastersThesis{mothesis,
	author = {Bendick Mahleko},
	title = {Efficient Matchmaking of Business Processes in Web Service Infrastructures},
	school = {Technischen Universität Darmstadt},
	year = {2006},
	type = {Dissertation}
}

@MastersThesis{lrthesis,
	author = {Steffen Lamparter},
	title = {Policy-based Contracting in Semantic Web Service Markets},
	school = {Universität Karlsruhe (TH)},
	year = {2007},
	type = {Dissertation}
}
